% Finance / Mathy sources:

%why we use options:
@article{bartram2009international,
  title={International evidence on financial derivatives usage},
  author={Bartram, S{\"o}hnke M and Brown, Gregory W and Fehle, Frank R},
  journal={Financial management},
  volume={38},
  number={1},
  pages={185--206},
  year={2009},
  publisher={Wiley Online Library}
}

%used for introduction on how math has allowed derivatives to blososm:
@article{merton1994influence,
  title={Influence of mathematical models in finance on practice: past, present and future},
  author={Merton, Robert C},
  journal={Philosophical Transactions of the Royal Society of London. Series A: Physical and Engineering Sciences},
  volume={347},
  number={1684},
  pages={451--463},
  year={1994},
  publisher={The Royal Society London}
}

%used for introduction on the progress of computing:
@article{nordhaus2007two,
  title={Two centuries of productivity growth in computing},
  author={Nordhaus, William D},
  journal={The Journal of Economic History},
  volume={67},
  number={1},
  pages={128--159},
  year={2007},
  publisher={Cambridge University Press}
}


% Options theory:

% used for introduction
@book{hunt2004financial,
  title={Financial derivatives in theory and practice},
  author={Hunt, Philip and Kennedy, Joanne},
  year={2004},
  publisher={John Wiley and Sons}
}

@book{hull2016options,
  title={Options, futures, and other derivatives},
  author={Hull, John C and Basu, Sankarshan},
  year={2016},
  publisher={Pearson Education India}
}

@book{hull2013fundamentals,
  title={Fundamentals of futures and options markets},
  author={Hull, John and Treepongkaruna, Sirimon and Colwell, David and Heaney, Richard and Pitt, David},
  year={2013},
  publisher={Pearson Higher Education AU}
}

% Monte Carlo Information (in finance)
@book{jackel2002monte,
  title={Monte Carlo methods in finance},
  author={J{\"a}ckel, Peter},
  year={2002},
  publisher={John Wiley \& Sons}
}

% Black and Scholes original paper
@article{black1973pricing,
  title={The pricing of options and corporate liabilities},
  author={Black, Fischer and Scholes, Myron},
  journal={Journal of political economy},
  volume={81},
  number={3},
  pages={637--654},
  year={1973},
  publisher={The University of Chicago Press}
}

% The first MC option model source
@article{boyle1977options,
  title={Options: A monte carlo approach},
  author={Boyle, Phelim P},
  journal={Journal of financial economics},
  volume={4},
  number={3},
  pages={323--338},
  year={1977},
  publisher={Elsevier}
}


% GPU and Parallel computing sources:

%Amdahl's Law original source
@book{jackel2002monte,
  title={Monte Carlo methods in finance},
  author={J{\"a}ckel, Peter},
  year={2002},
  publisher={John Wiley \& Sons}
}



% Sources specifically on GPU MC methods:

% Specific method for American MC option pricing, "Longstaff-Schwarz Model"
@article{li2024gpu,
  title={GPU-Accelerated American Option Pricing: The Case of the Longstaff-Schwartz Monte Carlo Model.},
  author={Li, Leon Xing and Chen, Ren-Raw and Fabozzi, Frank J},
  journal={Journal of Derivatives},
  volume={32},
  number={2},
  year={2024}
}


% MC GPU models for different types of options
@phdthesis{jespersen2015monte,
  title={Monte Carlo Evaluation of Financial Options using a GPU},
  author={Jespersen, Claus},
  year={2015},
  school={Aarhus Universitet, Datalogisk Institut}
}


% General theory, as well as results on basket options
@phdthesis{jespersen2015monte,
  title={Monte Carlo Evaluation of Financial Options using a GPU},
  author={Jespersen, Claus},
  year={2015},
  school={Aarhus Universitet, Datalogisk Institut}
}

% General theory?
@article{abbas2014pricing,
  title={Pricing derivatives on graphics processing units using Monte Carlo simulation},
  author={Abbas-Turki, Lokman A and Vialle, St{\'e}phane and Lapeyre, Bernard and Mercier, Patrick},
  journal={Concurrency and Computation: Practice and Experience},
  volume={26},
  number={9},
  pages={1679--1697},
  year={2014},
  publisher={Wiley Online Library}
}

@book{pharr2005gpu,
  title={GPU Gems 2: Programming techniques for high-performance graphics and general-purpose computation (gpu gems)},
  author={Pharr, Matt and Fernando, Randima},
  year={2005},
  publisher={Addison-Wesley Professional}
}


@book{nguyen2007gpu,
  title={Gpu gems 3},
  author={Nguyen, Hubert},
  year={2007},
  publisher={Addison-Wesley Professional}
}